<collection xmlns="http://www.loc.gov/MARC21/slim"><record><leader>01040nam  2200301   450</leader><controlfield tag="001">302</controlfield><controlfield tag="003">http://montalegre.opacnet.com/OPAC/default.aspx?ContentAreaControl=ShowRegHoldings.ascx&amp;RegNo=16662</controlfield><datafield tag="010" ind1=" " ind2=" "><subfield code="a">972-20-0676-2</subfield></datafield><datafield tag="021" ind1=" " ind2=" "><subfield code="a">PT</subfield><subfield code="b">24940/88</subfield></datafield><datafield tag="095" ind1=" " ind2=" "><subfield code="a">PTBN00124797</subfield></datafield><datafield tag="100" ind1=" " ind2=" "><subfield code="a">20061013d1989    m  y0pora010305  ba</subfield></datafield><datafield tag="101" ind1="1" ind2=" "><subfield code="a">por</subfield><subfield code="c">ita</subfield></datafield><datafield tag="102" ind1=" " ind2=" "><subfield code="a">PT</subfield></datafield><datafield tag="105" ind1=" " ind2=" "><subfield code="a">y   z   001yy</subfield></datafield><datafield tag="106" ind1=" " ind2=" "><subfield code="a">r</subfield></datafield><datafield tag="200" ind1="1" ind2=" "><subfield code="a">Revolta contra o mundo moderno</subfield><subfield code="f">Julius Evola</subfield><subfield code="g">trad. José Colaço Barreiros</subfield><subfield code="g">breve nota sobre a vida e a obra de Julius Evola por Rafael Gomes Filipe</subfield></datafield><datafield tag="205" ind1=" " ind2=" "><subfield code="a">1a ed</subfield></datafield><datafield tag="210" ind1=" " ind2=" "><subfield code="a">Lisboa</subfield><subfield code="c">Dom Quixote</subfield><subfield code="d">1989</subfield></datafield><datafield tag="215" ind1=" " ind2=" "><subfield code="a">490 p.</subfield><subfield code="d">24 cm</subfield></datafield><datafield tag="225" ind1="2" ind2=" "><subfield code="a">Tradição</subfield><subfield code="v">1</subfield></datafield><datafield tag="304" ind1=" " ind2=" "><subfield code="a">Tit. orig. : Rivolta contro il mondo moderno</subfield></datafield><datafield tag="320" ind1=" " ind2=" "><subfield code="a">Contém referências bibliográficas</subfield></datafield><datafield tag="675" ind1=" " ind2=" "><subfield code="a">821</subfield><subfield code="v">BN</subfield><subfield code="z">por</subfield></datafield><datafield tag="700" ind1=" " ind2="1"><subfield code="a">Evola</subfield><subfield code="b">Giulio C. A</subfield><subfield code="f">1898-1974</subfield></datafield><datafield tag="702" ind1=" " ind2="1"><subfield code="a">Barreiros</subfield><subfield code="b">José Colaço</subfield><subfield code="f">1949-</subfield><subfield code="4">730</subfield></datafield><datafield tag="702" ind1=" " ind2="1"><subfield code="a">Filipe</subfield><subfield code="b">Rafael Gomes</subfield><subfield code="4">212</subfield></datafield><datafield tag="801" ind1=" " ind2="0"><subfield code="a">PT</subfield><subfield code="b">Biblioteca Municipal de Montalegre</subfield><subfield code="g">RPC</subfield></datafield><datafield tag="856" ind1=" " ind2=" "><subfield code="u">locateMedia.asp?cod=20060511122535&amp;ext=jpg</subfield><subfield code="z">CAPA</subfield></datafield><datafield tag="909" ind1="&#9;" ind2=" "><subfield code="a">1</subfield></datafield><datafield tag="966" ind1=" " ind2=" "><subfield code="a">0008609</subfield><subfield code="l">BMM</subfield><subfield code="s">SCG 1 EVO rev 1</subfield></datafield></record></collection>